@article{abraham2008,
	title={Computer-mediated glosses in second language reading comprehension and vocabulary learning: A meta-analysis},
	author={Abraham, Lee B},
	journal={Computer Assisted Language Learning},
	volume={21},
	number={3},
	pages={199--226},
	year={2008},
	publisher={Taylor \& Francis}
}
@article{yun2011,
	title={The effects of hypertext glosses on L2 vocabulary acquisition: A meta-analysis},
	author={Yun, Jeehwan},
	journal={Computer Assisted Language Learning},
	volume={24},
	number={1},
	pages={39--58},
	year={2011},
	publisher={Taylor \& Francis}
}

@article{chen2016,
	title={Hypertext glosses for foreign language reading comprehension and vocabulary acquisition: effects of assessment methods},
	author={Chen, I-Jung},
	journal={Computer Assisted Language Learning},
	volume={29},
	number={2},
	pages={413--426},
	year={2016},
	publisher={Taylor \& Francis}
}
@article{abuseileek2008,
	title={Hypermedia annotation presentation: Learners' preferences and effect on EFL reading comprehension and vocabulary acquisition},
	author={AbuSeileek, Ali Farhan Munify},
	journal={CALICO Journal},
	volume={25},
	number={2},
	pages={260--275},
	year={2008},
	publisher={JSTOR}
}
@article{marefat2016,
	title={Effect of Computerized Gloss Presentation Format on Reading Comprehension: A Cognitive Load Perspective.},
	author={Marefat, Hamideh and Rezaee, Abbas Ali and Naserieh, Farid},
	journal={Journal of Information Technology Education},
	volume={15},
	year={2016}
}
@article{roby1999,
	title={What\â€™s in a gloss},
	author={Roby, Warren B},
	journal={Language Learning and Technology},
	volume={2},
	number={2},
	pages={94--101},
	year={1999}
}
@online{googletranslate,
	organization = {Google},
	title = {Google Cloud Translate},
	url = {https://cloud.google.com/translate/},
	urldate = {2017-12-06}
}
@online{bingtranslate,
	organization = {Microsoft},
	title = {Microsoft Translator},
	url = {https://www.microsoft.com/en-us/translator/default.aspx},
	urldate = {2017-12-06}
}
@online{dictCC,
	organization = {dict.cc},
	title = {dict.cc Dataset},
	url = {https://www1.dict.cc/translation_file_request.php?l=e},
	urldate = {2017-12-06}
}
@online{oxford,
	organization = {Oxford Dictionaries},
	title = {Oxford Dictionaries API},
	url = {https://developer.oxforddictionaries.com/},
	urldate = {2017-12-06}
}
@online{collins,
	organization = {Collins Dictionary},
	title = {Collins Dictionary API},
	url = {https://www.collinsdictionary.com/api/},
	urldate = {2017-12-06}
}




