@article{abraham2008,
	title={Computer-mediated glosses in second language reading comprehension and vocabulary learning: A meta-analysis},
	author={Abraham, Lee B},
	journal={Computer Assisted Language Learning},
	volume={21},
	number={3},
	pages={199--226},
	year={2008},
	publisher={Taylor \& Francis}
}
@article{yun2011,
	title={The effects of hypertext glosses on L2 vocabulary acquisition: A meta-analysis},
	author={Yun, Jeehwan},
	journal={Computer Assisted Language Learning},
	volume={24},
	number={1},
	pages={39--58},
	year={2011},
	publisher={Taylor \& Francis}
}

@article{chen2016,
	title={Hypertext glosses for foreign language reading comprehension and vocabulary acquisition: effects of assessment methods},
	author={Chen, I-Jung},
	journal={Computer Assisted Language Learning},
	volume={29},
	number={2},
	pages={413--426},
	year={2016},
	publisher={Taylor \& Francis}
}
@article{abuseileek2008,
	title={Hypermedia annotation presentation: Learners' preferences and effect on EFL reading comprehension and vocabulary acquisition},
	author={AbuSeileek, Ali Farhan Munify},
	journal={CALICO Journal},
	volume={25},
	number={2},
	pages={260--275},
	year={2008},
	publisher={JSTOR}
}
@article{marefat2016,
	title={Effect of Computerized Gloss Presentation Format on Reading Comprehension: A Cognitive Load Perspective.},
	author={Marefat, Hamideh and Rezaee, Abbas Ali and Naserieh, Farid},
	journal={Journal of Information Technology Education},
	volume={15},
	year={2016}
}
@article{roby1999,
	title={What's in a gloss},
	author={Roby, Warren B},
	journal={Language Learning and Technology},
	volume={2},
	number={2},
	pages={94--101},
	year={1999}
}
@article{yoshii2013,
	title={Effects of gloss types on vocabulary learning through reading: Comparison of single and multiple gloss types},
	author={Yoshii, Makoto},
	journal={CALICO Journal},
	pages={203--229},
	year={2013},
	publisher={JSTOR}
}
@article{kost1999,
	title={Textual and pictorial glosses: Effectiveness on incidental vocabulary growth when reading in a foreign language},
	author={Kost, Claudia R and Foss, Pamelo and Lenzini, John J},
	journal={Foreign Language Annals},
	volume={32},
	number={1},
	pages={89--97},
	year={1999},
	publisher={Wiley Online Library}
}
@article{yoshii2006,
	title={L1 and L2 glosses: Their effects on incidental vocabulary learning},
	author={Yoshii, Makoto},
	year={2006},
	publisher={University of Hawaii National Foreign Language Resource Center}
}


@article{gettys2001,
	title={Computer-Assisted Reading: The Effect of Glossing Format on Comprehension and Vocabulary Retention},
	author={Gettys, Serafima and Imhof, Lorens A and Kautz, Joseph O},
	journal={Foreign language annals},
	volume={34},
	number={2},
	pages={91--99},
	year={2001},
	publisher={Wiley Online Library}
}
@article{nagata1999,
	title={The Effectiveness of Computer-Assisted Interactive Glosses},
	author={Nagata, Noriko},
	journal={Foreign Language Annals},
	volume={32},
	number={4},
	pages={469--479},
	year={1999},
	publisher={Wiley Online Library}
}


@online{googletranslate,
	organization = {Google},
	title = {Google Cloud Translate},
	url = {https://cloud.google.com/translate/},
	urldate = {2017-12-06}
}
@online{bingtranslate,
	organization = {Microsoft},
	title = {Microsoft Translator},
	url = {https://www.microsoft.com/en-us/translator/default.aspx},
	urldate = {2017-12-06}
}
@online{dictCC,
	organization = {dict.cc},
	title = {dict.cc Dataset},
	url = {https://www1.dict.cc/translation_file_request.php?l=e},
	urldate = {2017-12-06}
}
@online{oxford,
	organization = {Oxford Dictionaries},
	title = {Oxford Dictionaries API},
	url = {https://developer.oxforddictionaries.com/},
	urldate = {2017-12-06}
}
@online{collins,
	organization = {Collins Dictionary},
	title = {Collins Dictionary API},
	url = {https://www.collinsdictionary.com/api/},
	urldate = {2017-12-06}
}




