@online{newsapi,
	organization = {newsapi},
	title= {News API},
	url = {https://newsapi.org/},
	urldate = {2018-04-11}
}

@online{newspaper,
	organization = {newspaper},
	title = {newspaper},
	url = {http://newspaper.readthedocs.io/en/latest/},
	urldate = {2018-04-11}
}

@online{googletranslate,
	organization = {Google},
	title = {Google Cloud Translate},
	url = {https://cloud.google.com/translate/},
	urldate = {2017-12-06}
}
@online{bingtranslate,
	organization = {Microsoft},
	title = {Microsoft Translator},
	url = {https://www.microsoft.com/en-us/translator/default.aspx},
	urldate = {2017-12-06}
}
@online{dictCC,
	organization = {dict.cc},
	title = {dict.cc Dataset},
	url = {https://www1.dict.cc/translation_file_request.php?l=e},
	urldate = {2017-12-06}
}
@online{oxford,
	organization = {Oxford Dictionaries},
	title = {Oxford Dictionaries API},
	url = {https://developer.oxforddictionaries.com/},
	urldate = {2017-12-06}
}
@online{collins,
	organization = {Collins Dictionary},
	title = {Collins Dictionary API},
	url = {https://www.collinsdictionary.com/api/},
	urldate = {2017-12-06}
}
